@InProceedings{MillerEmoji2016,
  author = {Miller, Hannah and Thebault-Spieker, Jacob and Chang, Shuo and Johnson, Isaac and Terveen, Loren and Hecht, Brent},
  title = {``{B}lissfully happy'' or ``ready to fight'': Varying Interpretations of Emoji},
  booktitle = {Proceedings of the Tenth International Conference on Web and Social
               Media, {ICWSM} 2016, Cologne, Germany, May 17--20, 2016},
  month = {May},
  year = {2016},
  organization = {Association for the Advancement of Artificial Intelligence}
}

@misc{McCullochEmojiSXSW,
  author = {Medlock, Ben and McCulloch, Gretchen},
  title = {The Linguistic Secrets Found in Billions of Emoji},
  year = {2016},
  url = {http://www.slideshare.net/SwiftKey/the-linguistic-secrets-found-in-billions-of-emoji-sxsw-2016-presentation-59956212}
}

@incollection{tylerEmoticons2012,
  author={Schnoebelen, Tyler},
  title={Do You Smile with Your Nose? {S}tylistic Variation in {T}witter Emoticons},
  booktitle={University of {Pennsylvania} Working Papers in Linguistics},
  year={2012},
  volume={18},
  issue={2},
  pages={117--125},
  publisher={University of Pennsylvania},
  url={http://repository.upenn.edu/pwpl/vol18/iss2/14}
}

@misc{CRFsuite,
	author = {Naoaki Okazaki},
	title = {CRFsuite: a fast implementation of Conditional Random Fields (CRFs)},
	url = {http://www.chokkan.org/software/crfsuite/},
	year = {2007}
}
